<collection xmlns="http://www.loc.gov/MARC21/slim">
<record>
  <leader>03648nam0a22005051i 450 </leader>
  <controlfield tag="001">IT\ICCU\CNCE\034252</controlfield>
  <controlfield tag="005">20160517000000.0</controlfield>
  <datafield tag="012" ind1=" " ind2=" ">
    <subfield code="a">0298 1374 poi- Maci (3) 1596 (A)</subfield>
    <subfield code="2">fei</subfield>
  </datafield>
  <datafield tag="100" ind1=" " ind2=" ">
    <subfield code="a">19971229d1596        0itac0103    ba</subfield>
  </datafield>
  <datafield tag="101" ind1=" " ind2=" ">
    <subfield code="a">ITA</subfield>
  </datafield>
  <datafield tag="102" ind1=" " ind2=" ">
    <subfield code="a">IT</subfield>
  </datafield>
  <datafield tag="200" ind1="1" ind2=" ">
    <subfield code="a">Sito et antichit ̉della citt ̉di Pozzuolo, e del suo amenissimo distretto con la descrittione di tutti i luoghi notabili, e degni di memoria, e di Cuma, e di Baia, e di Miseno, e degli altri luoghi conuicini. Con le figure de gli edifici, e con gli epitafi che vi sono. Del signor Scipione Mazzella napoletano. Postiui medesimamente tutti i bagni, e lor propriet ̉non solo di Pozzuolo, e di Baia, ma anco dell&apos;isola d&apos;Ischia, col modo e regole che quelli s&apos;hanno a pigliare, e a quali infermit ̉giouino. Vi sono anco l&apos;indice de gli autori et le tauole delle cose pi ̮notabili che nell&apos;opera si contengono. E di pi ̮ripurgata da infiniti errori, &amp; argumentato in molte parti dal proprio autore</subfield>
  </datafield>
  <datafield tag="210" ind1=" " ind2=" ">
    <subfield code="a">In Napoli</subfield>
    <subfield code="c">nella stamperia dello Stigliola a Porta Regale</subfield>
    <subfield code="c">a spese communi con Gioseppe Bonfadino libraro si vendono al segno della Corona</subfield>
    <subfield code="d">1596</subfield>
  </datafield>
  <datafield tag="215" ind1=" " ind2=" ">
    <subfield code="a">\16!, 291, \1! p., 37 \i.e. 35!, \3! c.</subfield>
    <subfield code="c">ill.</subfield>
    <subfield code="d">8ʻ</subfield>
  </datafield>
  <datafield tag="300" ind1=" " ind2=" ">
    <subfield code="a">A c. T3 altro front.: Opusculum de balneis Puteolorum Baiarum et Pithecusarum ... Secunda editio. Neapoli : ex typographia Stelliolae, 1593</subfield>
  </datafield>
  <datafield tag="423" ind1=" " ind2="0">
    <subfield code="1">001IT\ICCU\CNCE\059535</subfield>
    <subfield code="1">2001 </subfield>
    <subfield code="a">Opusculum de balneis Puteolorum Baiarum, et Pithecusarum</subfield>
  </datafield>
  <datafield tag="620" ind1=" " ind2=" ">
    <subfield code="a">IT</subfield>
    <subfield code="d">Napoli</subfield>
  </datafield>
  <datafield tag="700" ind1=" " ind2="1">
    <subfield code="a">Mazzella,</subfield>
    <subfield code="b">Scipione</subfield>
    <subfield code="3">IT\ICCU\CNCA\002193</subfield>
  </datafield>
  <datafield tag="702" ind1=" " ind2="1">
    <subfield code="a">Elisio,</subfield>
    <subfield code="b">Giovanni</subfield>
    <subfield code="3">IT\ICCU\CNCA\001015</subfield>
  </datafield>
  <datafield tag="712" ind1="0" ind2="0">
    <subfield code="a">Stigliola, Felice</subfield>
    <subfield code="3">IT\ICCU\CNCT\000606</subfield>
    <subfield code="4">650</subfield>
  </datafield>
  <datafield tag="712" ind1="0" ind2="0">
    <subfield code="a">Bonfadino, Giuseppe</subfield>
    <subfield code="3">IT\ICCU\CNCT\002363</subfield>
    <subfield code="4">650</subfield>
  </datafield>
  <datafield tag="790" ind1=" " ind2="1">
    <subfield code="a">Elysius,</subfield>
    <subfield code="b">Ioannes</subfield>
    <subfield code="3">IT\ICCU\CNCA\017398</subfield>
    <subfield code="z">Elisio, Giovanni</subfield>
  </datafield>
  <datafield tag="790" ind1=" " ind2="1">
    <subfield code="a">Elisius,</subfield>
    <subfield code="b">Ioannes</subfield>
    <subfield code="3">IT\ICCU\CNCA\022493</subfield>
    <subfield code="z">Elisio, Giovanni</subfield>
  </datafield>
  <datafield tag="791" ind1="0" ind2="2">
    <subfield code="a">℗a ℗Porta Regale</subfield>
    <subfield code="c"> &lt;1595-1600&gt;</subfield>
    <subfield code="3">IT\ICCU\CNCT\004105</subfield>
    <subfield code="z">Stigliola, Felice</subfield>
  </datafield>
  <datafield tag="791" ind1="0" ind2="2">
    <subfield code="a">Typographia Stelliolae</subfield>
    <subfield code="c"> &lt;1595-1600&gt;</subfield>
    <subfield code="3">IT\ICCU\CNCT\005745</subfield>
    <subfield code="z">Stigliola, Felice</subfield>
  </datafield>
  <datafield tag="791" ind1="0" ind2="2">
    <subfield code="a">Stamperia dello Stigliola</subfield>
    <subfield code="c"> &lt;1595-1600&gt;</subfield>
    <subfield code="3">IT\ICCU\CNCT\005748</subfield>
    <subfield code="z">Stigliola, Felice</subfield>
  </datafield>
  <datafield tag="791" ind1="0" ind2="0">
    <subfield code="a">Bonfadini, Giuseppe</subfield>
    <subfield code="3">IT\ICCU\CNCT\006397</subfield>
    <subfield code="z">Bonfadino, Giuseppe</subfield>
  </datafield>
  <datafield tag="801" ind1=" " ind2="3">
    <subfield code="a">IT</subfield>
    <subfield code="b">ICCU</subfield>
    <subfield code="c">20201114</subfield>
  </datafield>
  <datafield tag="899" ind1=" " ind2=" ">
    <subfield code="a">Biblioteca nazionale Sagarriga Visconti-Volpi. Bari</subfield>
    <subfield code="1">BA0018</subfield>
    <subfield code="2">BA1 BA</subfield>
  </datafield>
  <datafield tag="899" ind1=" " ind2=" ">
    <subfield code="a">Biblioteca nazionale centrale. Firenze</subfield>
    <subfield code="1">FI0098</subfield>
    <subfield code="2">CFI CF</subfield>
  </datafield>
  <datafield tag="899" ind1=" " ind2=" ">
    <subfield code="a">Biblioteca comunale Francesco Piccinno. Maglie</subfield>
    <subfield code="z">MUTILO</subfield>
    <subfield code="1">LE0108</subfield>
    <subfield code="2">LEK S5</subfield>
  </datafield>
  <datafield tag="899" ind1=" " ind2=" ">
    <subfield code="a">Biblioteca Ambrosiana. Milano</subfield>
    <subfield code="1">MI0133</subfield>
    <subfield code="2">VBA 01</subfield>
  </datafield>
  <datafield tag="899" ind1=" " ind2=" ">
    <subfield code="a">Biblioteca della Societ ̉napoletana di storia patria. Napoli</subfield>
    <subfield code="1">NA0097</subfield>
    <subfield code="2">NAP SP</subfield>
  </datafield>
  <datafield tag="899" ind1=" " ind2=" ">
    <subfield code="a">Biblioteca della Pontificia Facolt ̉teologica dell&apos;Italia meridionale. Sezione S. Luigi. Napoli</subfield>
    <subfield code="1">NA0261</subfield>
    <subfield code="2">NAP FT</subfield>
  </datafield>
  <datafield tag="899" ind1=" " ind2=" ">
    <subfield code="a">Biblioteca Palatina. Parma</subfield>
    <subfield code="1">PR0072</subfield>
    <subfield code="2">PAR PA</subfield>
  </datafield>
  <datafield tag="899" ind1=" " ind2=" ">
    <subfield code="a">Biblioteca Vallicelliana. Roma</subfield>
    <subfield code="z">MUTILO</subfield>
    <subfield code="1">RM0281</subfield>
    <subfield code="2">RML 08</subfield>
  </datafield>
  <datafield tag="899" ind1=" " ind2=" ">
    <subfield code="a">Biblioteca dell&apos;Accademia nazionale dei Lincei e Corsiniana. Roma</subfield>
    <subfield code="z">MUTILO</subfield>
    <subfield code="1">RM0418</subfield>
    <subfield code="2">RML 10</subfield>
  </datafield>
  <datafield tag="899" ind1=" " ind2=" ">
    <subfield code="a">Biblioteca dell&apos;Accademia musicale Chigiana. Siena</subfield>
    <subfield code="z">MUTILO</subfield>
    <subfield code="1">SI0051</subfield>
    <subfield code="2">RT1 PS</subfield>
  </datafield>
  <datafield tag="899" ind1=" " ind2=" ">
    <subfield code="a">Biblioteca civica Costantino Nigra. Ivrea</subfield>
    <subfield code="1">TO0112</subfield>
    <subfield code="2">TO0 54</subfield>
  </datafield>
  <datafield tag="899" ind1=" " ind2=" ">
    <subfield code="a">Biblioteca civica A. Hortis. Trieste</subfield>
    <subfield code="z">MUTILO</subfield>
    <subfield code="1">TS0013</subfield>
    <subfield code="2">TSA BC</subfield>
  </datafield>
  <datafield tag="899" ind1=" " ind2=" ">
    <subfield code="a">British Library. London</subfield>
    <subfield code="1">UK0001</subfield>
  </datafield>
  <datafield tag="911" ind1=" " ind2=" ">
    <subfield code="a">Sul front. a carta T3</subfield>
    <subfield code="9">IT\ICCU\CNCM\000427</subfield>
  </datafield>
  <datafield tag="911" ind1=" " ind2=" ">
    <subfield code="a">sul front.</subfield>
    <subfield code="9">IT\ICCU\CNCM\000534</subfield>
  </datafield>
  <datafield tag="921" ind1=" " ind2=" ">
    <subfield code="a">IT\ICCU\CNCM\000427</subfield>
    <subfield code="b">Pigna con rametto e cartiglio.</subfield>
    <subfield code="e">Aeque bonum atque tutum.</subfield>
    <subfield code="c">Z964</subfield>
    <subfield code="d">Dimensioni: 3,5 x 4,3</subfield>
    <subfield code="f">AEQUEBONUM</subfield>
    <subfield code="f">CARTIGLIO</subfield>
    <subfield code="f">PIGNA</subfield>
    <subfield code="g">1584-1598</subfield>
  </datafield>
  <datafield tag="921" ind1=" " ind2=" ">
    <subfield code="a">IT\ICCU\CNCM\000534</subfield>
    <subfield code="b">Corona</subfield>
    <subfield code="c">V120</subfield>
    <subfield code="c">Z380</subfield>
    <subfield code="d">Dimensioni: 5,6 x 2,2</subfield>
    <subfield code="f">CORONA</subfield>
    <subfield code="g">1594-1596</subfield>
  </datafield>
</record>
</collection>
